<record><leader>00000cas a22000007a 4500</leader><controlfield tag="001">12213978</controlfield><controlfield tag="008">850628d19071919hiuwr ne      0    0haw d</controlfield><datafield ind1=" " ind2=" " tag="010"><subfield code="a">sn 85047163 </subfield></datafield><datafield ind1=" " ind2=" " tag="040"><subfield code="a">HWN</subfield><subfield code="b">eng</subfield><subfield code="c">HWN</subfield><subfield code="d">HIL</subfield><subfield code="d">OCLCQ</subfield><subfield code="d">OCLCF</subfield><subfield code="d">OCLCO</subfield></datafield><datafield ind1="1" ind2=" " tag="029"><subfield code="a">AU@</subfield><subfield code="b">000025835754</subfield></datafield><datafield ind1=" " ind2=" " tag="042"><subfield code="a">msc</subfield></datafield><datafield ind1=" " ind2=" " tag="043"><subfield code="a">n-us-hi</subfield></datafield><datafield ind1="0" ind2="3" tag="245"><subfield code="a">Ke Kilohana o ka malamalama.</subfield></datafield><datafield ind1="3" ind2="0" tag="246"><subfield code="a">Malamalama</subfield></datafield><datafield ind1="1" ind2="3" tag="246"><subfield code="a">Search light</subfield></datafield><datafield ind1=" " ind2=" " tag="260"><subfield code="a">Hilo, Kalana o Hawaii, T.H. :</subfield><subfield code="b">Pacific Pub. Co.</subfield></datafield><datafield ind1=" " ind2=" " tag="300"><subfield code="a">v. ;</subfield><subfield code="c">53-57 cm.</subfield></datafield><datafield ind1=" " ind2=" " tag="310"><subfield code="a">Weekly</subfield></datafield><datafield ind1="1" ind2=" " tag="362"><subfield code="a">Began in 1907; ceased in 1919.</subfield><subfield code="z">Cf. Mookini, E.K. Hawaiian newspapers.</subfield></datafield><datafield ind1=" " ind2=" " tag="500"><subfield code="a">Editor: D. Ewaliko.</subfield></datafield><datafield ind1=" " ind2=" " tag="588"><subfield code="a">Description based on: Vol. 2, no. 3 (Iulai 31, 1908).</subfield></datafield><datafield ind1=" " ind2="0" tag="650"><subfield code="a">Hawaiian language</subfield><subfield code="x">Texts.</subfield></datafield><datafield ind1=" " ind2="0" tag="651"><subfield code="a">Hawaii</subfield><subfield code="v">Newspapers.</subfield></datafield><datafield ind1=" " ind2="7" tag="655"><subfield code="a">Newspapers.</subfield><subfield code="2">fast</subfield><subfield code="0">(OCoLC)fst01423814</subfield></datafield><datafield ind1=" " ind2="7" tag="655"><subfield code="a">Texts.</subfield><subfield code="2">fast</subfield><subfield code="0">(OCoLC)fst01423705</subfield></datafield><datafield ind1=" " ind2="7" tag="650"><subfield code="a">Hawaiian language.</subfield><subfield code="2">fast</subfield><subfield code="0">(OCoLC)fst00952008</subfield></datafield><datafield ind1=" " ind2="7" tag="651"><subfield code="a">Hawaii.</subfield><subfield code="2">fast</subfield><subfield code="0">(OCoLC)fst01208724</subfield></datafield><datafield ind1="1" ind2=" " tag="700"><subfield code="a">Ewaliko, David.</subfield></datafield><datafield ind1=" " ind2=" " tag="752"><subfield code="a">United States</subfield><subfield code="b">Hawaii</subfield><subfield code="c">Hawaii</subfield><subfield code="d">Hilo.</subfield></datafield></record>